<?xml version="1.0" encoding="UTF-8"?>
<collection xmlns:xsi="http://www.w3.org/2001/XMLSchema-instance" xsi:schemaLocation="http://www.loc.gov/MARC21/slim http://www.loc.gov/standards/marcxml/schema/MARC21slim.xsd" xmlns="http://www.loc.gov/MARC21/slim">
<record>
  <leader>01000cam a2200241I  4500</leader>
  <controlfield tag="001">4825993</controlfield>
  <controlfield tag="003">NNC</controlfield>
  <controlfield tag="005">20151117190029.0</controlfield>
  <controlfield tag="008">811217m19531969ua            000 0 ara  </controlfield>
  <datafield tag="010" ind1=" " ind2=" ">
    <subfield code="a">   58047899 </subfield>
  </datafield>
  <datafield tag="035" ind1=" " ind2=" ">
    <subfield code="a">(OCoLC)ocm08005009</subfield>
  </datafield>
  <datafield tag="035" ind1=" " ind2=" ">
    <subfield code="a">(NNC)4825993</subfield>
  </datafield>
  <datafield tag="040" ind1=" " ind2=" ">
    <subfield code="a">DLC</subfield>
    <subfield code="c">TKN</subfield>
    <subfield code="d">TKN</subfield>
    <subfield code="d">OCL</subfield>
    <subfield code="d">NNC</subfield>
  </datafield>
  <datafield tag="050" ind1="0" ind2=" ">
    <subfield code="a">PJ6696.Z8</subfield>
    <subfield code="b">M3</subfield>
  </datafield>
  <datafield tag="110" ind1="2" ind2=" ">
    <subfield code="a">Majmaʻ al-Lughah al-ʻArabīyah (Cairo, Egypt)</subfield>
  </datafield>
  <datafield tag="245" ind1="1" ind2="0">
    <subfield code="a">Muʻjam alfāẓ al-Qurʾān al-Karīm.</subfield>
  </datafield>
  <datafield tag="260" ind1=" " ind2=" ">
    <subfield code="a">al-Qāhirah</subfield>
    <subfield code="b">al-Maṭbaʻah al-Amīrīyah</subfield>
    <subfield code="c">[1953-1969]</subfield>
  </datafield>
  <datafield tag="300" ind1=" " ind2=" ">
    <subfield code="a">5 v.</subfield>
    <subfield code="c">28 cm.</subfield>
  </datafield>
  <datafield tag="500" ind1=" " ind2=" ">
    <subfield code="a">Vol. 5 published by Dār al-katīb al-ʻArabī.</subfield>
  </datafield>
  <datafield tag="500" ind1=" " ind2=" ">
    <subfield code="a">At head of title: Majmaʻ al-lughah al-ʻArabīyah.</subfield>
  </datafield>
  <datafield tag="505" ind1="0" ind2=" ">
    <subfield code="a">al-Juzʾ 1. al-hamzah-al-thāʾ- al--Juzʾ 2. al-jīm-al-dhāl- al--Juzʾ 3. al-rāʾ-al-sīn-al--Juzʾ 4. al-shīn-al-fāʾ, iʻdād Amīn al-Khūlī- al--Juzʾ 5. al-qāf- al-lām iʻdād Ḥamd̄ ʻAbd al-Qādir.</subfield>
  </datafield>
  <datafield tag="630" ind1="0" ind2="0">
    <subfield code="a">Qurʼan</subfield>
    <subfield code="v">Glossaries, vocabularies, etc.</subfield>
  </datafield>
  <datafield tag="955" ind1=" " ind2=" ">
    <subfield code="b">0026814145</subfield>
    <subfield code="d">glx</subfield>
    <subfield code="e">893.7K84 GM4</subfield>
    <subfield code="v">v.3</subfield>
  </datafield>
</record>
</collection>